<collection>
    <record>
      <leader>02823cam a2200385Ia 4500</leader>
      <controlfield tag="005">20201005171950.0</controlfield>
      <controlfield tag="008">141211s2011    mr ab    b    001 0 fre c</controlfield>
      <controlfield tag="001">9989034293506421</controlfield>
      <datafield tag="035" ind1=" " ind2=" ">
        <subfield code="a">(OCoLC)ocn813285897</subfield>
        <subfield code="0">(uri) http://www.worldcat.org/oclc/813285897</subfield>
      </datafield>
      <datafield tag="035" ind1=" " ind2=" ">
        <subfield code="a">8903429</subfield>
      </datafield>
      <datafield tag="035" ind1=" " ind2=" ">
        <subfield code="a">(OCoLC)813285897</subfield>
        <subfield code="0">(uri) http://www.worldcat.org/oclc/813285897</subfield>
      </datafield>
      <datafield tag="035" ind1=" " ind2=" ">
        <subfield code="a">(NjP)8903429-princetondb</subfield>
      </datafield>
      <datafield tag="040" ind1=" " ind2=" ">
        <subfield code="a">ALAUL</subfield>
        <subfield code="b">eng</subfield>
        <subfield code="c">ALAUL</subfield>
        <subfield code="d">MEAUC</subfield>
        <subfield code="d">OCLCF</subfield>
        <subfield code="d">OCLCO</subfield>
      </datafield>
      <datafield tag="020" ind1=" " ind2=" ">
        <subfield code="a">9789954304471 (hbk.)</subfield>
        <subfield code="0">(uri) http://www.isbnsearch.org/isbn/9789954304471</subfield>
      </datafield>
      <datafield tag="020" ind1=" " ind2=" ">
        <subfield code="a">9954304479 (hbk.)</subfield>
        <subfield code="0">(uri) http://www.isbnsearch.org/isbn/9954304479</subfield>
      </datafield>
      <datafield tag="043" ind1=" " ind2=" ">
        <subfield code="a">f-mr---</subfield>
      </datafield>
      <datafield tag="050" ind1=" " ind2="4">
        <subfield code="a">DT313.8</subfield>
        <subfield code="b">.T372 2011</subfield>
      </datafield>
      <datafield tag="245" ind1="0" ind2="0">
        <subfield code="a">Histoire du Maroc :</subfield>
        <subfield code="b">réactualisation et synthèse /</subfield>
        <subfield code="c">présentation et direction Mohamed Kably.</subfield>
      </datafield>
      <datafield tag="260" ind1=" " ind2=" ">
        <subfield code="a">Rabat :</subfield>
        <subfield code="b">Institut Royal pour la Recherche sur l'Histoire du Maroc,</subfield>
        <subfield code="c">c2011.</subfield>
      </datafield>
      <datafield tag="300" ind1=" " ind2=" ">
        <subfield code="a">841 p. :</subfield>
        <subfield code="b">ill., maps (chiefly col.) ;</subfield>
        <subfield code="c">27 cm.</subfield>
      </datafield>
      <datafield tag="490" ind1="0" ind2=" ">
        <subfield code="a">Publications de l'Institut Royal pour la Recherche sur l'Histoire du Maroc</subfield>
      </datafield>
      <datafield tag="500" ind1=" " ind2=" ">
        <subfield code="a">Includes glossary.</subfield>
      </datafield>
      <datafield tag="504" ind1=" " ind2=" ">
        <subfield code="a">Includes bibliographical references and index.</subfield>
      </datafield>
      <datafield tag="505" ind1="0" ind2=" ">
        <subfield code="a">Introduction générale ---- I. Le Maroc : de la dynamique naturelle à la construction territoriale --- II. Le Maroc : des origines préhistoriques au VIIIe siècle av. J.C. --- III. Le Maroc et la Méditerranée avant lʹIslam --- IV. Evolution politique du Maroc médiéval --- V. Le Maroc médiéval : société et civilisation --- VI. Le XVe siècle : un siècle tournant --- VII. Crises et tentatives de redressement (Xe--XIIe--XVIe--XVIIIe s.) --- VIII. Le long XIXe siècle : pénétration étrangère, reformes et crise (1204-1330/ 1790-1912) --- IX. Le Protectorat : conquête, résistance et mutations --- X. Le Maroc indépendant ---- Conclusion générale.</subfield>
      </datafield>
      <datafield tag="520" ind1=" " ind2=" ">
        <subfield code="a">Le présent ouvrage constitue un essai de synthèse de lʹHistoire du Maroc. Sʹappuyant sur les acquis de recherches aussi récentes que remarquables, il procède dʹune approche pluridisciplinaire impliquant, à côté dʹune majorité dʹhistoriens, des chercheurs appartenant à différentes disciplines. De sorte quʹen embrassant ainsi une pluralité de champs scientifiques, il aura entrepris de cerner les zones dʹombre et dʹen éclairer sans doute un certain nombre, avec pour souci majeur dʹinviter à lʹinterrogation et de proposer ce faisant un projet de relecture cohérent. -- Publisher description.</subfield>
      </datafield>
      <datafield tag="651" ind1=" " ind2="0">
        <subfield code="a">Morocco</subfield>
        <subfield code="x">Historiography.</subfield>
        <subfield code="0">(uri) http://id.loc.gov/authorities/names/n79069715</subfield>
        <subfield code="0">(uri) http://viaf.org/viaf/sourceID/LC|n79069715</subfield>
      </datafield>
      <datafield tag="651" ind1=" " ind2="0">
        <subfield code="a">Morocco</subfield>
        <subfield code="x">History.</subfield>
        <subfield code="0">http://id.loc.gov/authorities/subjects/sh85087328</subfield>
        <subfield code="0">(uri) http://id.loc.gov/authorities/subjects/sh85087328</subfield>
      </datafield>
      <datafield tag="650" ind1=" " ind2="7">
        <subfield code="a">Historiography.</subfield>
        <subfield code="2">fast</subfield>
        <subfield code="0">(OCoLC)fst00958221</subfield>
        <subfield code="0">(uri) http://id.worldcat.org/fast/fst00958221</subfield>
      </datafield>
      <datafield tag="651" ind1=" " ind2="7">
        <subfield code="a">Morocco.</subfield>
        <subfield code="2">fast</subfield>
        <subfield code="0">(OCoLC)fst01205592</subfield>
        <subfield code="0">(uri) http://id.worldcat.org/fast/fst01205592</subfield>
      </datafield>
      <datafield tag="653" ind1=" " ind2=" ">
        <subfield code="a">General history of Morocco.</subfield>
      </datafield>
      <datafield tag="655" ind1=" " ind2="7">
        <subfield code="a">History.</subfield>
        <subfield code="2">fast</subfield>
        <subfield code="0">(OCoLC)fst01411628</subfield>
        <subfield code="0">(uri) http://id.worldcat.org/fast/fst01411628</subfield>
      </datafield>
      <datafield tag="700" ind1="1" ind2=" ">
        <subfield code="a">Kably, Mohammed.</subfield>
        <subfield code="0">http://id.loc.gov/authorities/names/n87107269</subfield>
        <subfield code="0">(uri) http://id.loc.gov/authorities/names/n87107269</subfield>
        <subfield code="0">(uri) http://viaf.org/viaf/sourceID/LC|n87107269</subfield>
      </datafield>
      <datafield tag="710" ind1="1" ind2=" ">
        <subfield code="a">Morocco.</subfield>
        <subfield code="b">Institut Royal pour la Recherche sur l'Histoire du Maroc.</subfield>
      </datafield>
      <datafield tag="904" ind1=" " ind2=" ">
        <subfield code="a">se</subfield>
        <subfield code="b">a</subfield>
        <subfield code="h">m</subfield>
        <subfield code="c">b</subfield>
        <subfield code="e">20150120</subfield>
      </datafield>
      <datafield tag="999" ind1=" " ind2=" ">
        <subfield code="a">8903429</subfield>
      </datafield>
      <datafield tag="902" ind1=" " ind2=" ">
        <subfield code="a">se</subfield>
        <subfield code="b">m</subfield>
        <subfield code="6">a</subfield>
        <subfield code="7">m</subfield>
        <subfield code="d">v</subfield>
        <subfield code="f">1</subfield>
        <subfield code="e">20150121</subfield>
      </datafield>
      <datafield tag="950" ind1=" " ind2=" ">
        <subfield code="c">2021-08-01 08:49:15 US/Eastern</subfield>
        <subfield code="b">2021-07-13 06:00:03 US/Eastern</subfield>
        <subfield code="a">false</subfield>
      </datafield>
      <datafield tag="852" ind1="0" ind2=" ">
        <subfield code="b">recap</subfield>
        <subfield code="c">pa</subfield>
        <subfield code="h">DT313.8</subfield>
        <subfield code="i">.T372 2011</subfield>
        <subfield code="8">22714432190006421</subfield>
      </datafield>
      <datafield tag="952" ind1=" " ind2=" ">
        <subfield code="a">2021-07-13 10:00:03</subfield>
        <subfield code="8">22714432190006421</subfield>
        <subfield code="b">ReCAP</subfield>
        <subfield code="c">rcppa: RECAP</subfield>
        <subfield code="e">false</subfield>
      </datafield>
      <datafield tag="876" ind1=" " ind2=" ">
        <subfield code="0">22714432190006421</subfield>
        <subfield code="a">23714432160006421</subfield>
        <subfield code="j">1</subfield>
        <subfield code="z">pa</subfield>
        <subfield code="d">2021-07-13 10:00:03</subfield>
        <subfield code="p">32101070487788</subfield>
        <subfield code="t">1</subfield>
        <subfield code="y">recap</subfield>
      </datafield>
    </record>