
    <record>
      <leader>02004cam a2200457 i 4500</leader>
      <controlfield tag="005">20201005171950.0</controlfield>
      <controlfield tag="008">141211t20132013mr a     b    000 0 fre c</controlfield>
      <controlfield tag="001">9989034313506421</controlfield>
      <datafield tag="035" ind1=" " ind2=" ">
        <subfield code="a">8903431</subfield>
      </datafield>
      <datafield tag="035" ind1=" " ind2=" ">
        <subfield code="a">(OCoLC)ocn855993800</subfield>
        <subfield code="0">(uri) http://www.worldcat.org/oclc/855993800</subfield>
      </datafield>
      <datafield tag="035" ind1=" " ind2=" ">
        <subfield code="a">(NjP)8903431-princetondb</subfield>
      </datafield>
      <datafield tag="040" ind1=" " ind2=" ">
        <subfield code="a">AUXAM</subfield>
        <subfield code="b">eng</subfield>
        <subfield code="e">rda</subfield>
        <subfield code="c">AUXAM</subfield>
        <subfield code="d">OCLCQ</subfield>
        <subfield code="d">TZT</subfield>
        <subfield code="d">OCLCQ</subfield>
        <subfield code="d">OCLCO</subfield>
        <subfield code="d">OCLCF</subfield>
        <subfield code="d">OSU</subfield>
      </datafield>
      <datafield tag="020" ind1=" " ind2=" ">
        <subfield code="a">9789954104293 (pbk.)</subfield>
        <subfield code="0">(uri) http://www.isbnsearch.org/isbn/9789954104293</subfield>
      </datafield>
      <datafield tag="020" ind1=" " ind2=" ">
        <subfield code="a">9954104291 (pbk.)</subfield>
        <subfield code="0">(uri) http://www.isbnsearch.org/isbn/9954104291</subfield>
      </datafield>
      <datafield tag="042" ind1=" " ind2=" ">
        <subfield code="a">pcc</subfield>
      </datafield>
      <datafield tag="043" ind1=" " ind2=" ">
        <subfield code="a">f-mr---</subfield>
      </datafield>
      <datafield tag="050" ind1="1" ind2="4">
        <subfield code="a">GN</subfield>
      </datafield>
      <datafield tag="050" ind1=" " ind2="4">
        <subfield code="a">BP64.M6</subfield>
        <subfield code="b">A993 2013</subfield>
      </datafield>
      <datafield tag="082" ind1="1" ind2="4">
        <subfield code="a">306</subfield>
      </datafield>
      <datafield tag="100" ind1="1" ind2=" ">
        <subfield code="a">ʻAyyādī, Muḥammad,</subfield>
        <subfield code="e">author.</subfield>
        <subfield code="0">http://id.loc.gov/authorities/names/no2001070256</subfield>
      </datafield>
      <datafield tag="245" ind1="1" ind2="2">
        <subfield code="a">L'Islam au quotidien :</subfield>
        <subfield code="b">enquête sur les valeurs et les pratiques religieuses au Maroc /</subfield>
        <subfield code="c">Mohammed El-Ayadi, Hassan Rachik, Mohamed Tozy.</subfield>
      </datafield>
      <datafield tag="264" ind1=" " ind2="1">
        <subfield code="a">Casablanca :</subfield>
        <subfield code="b">Croisée des chemins,</subfield>
        <subfield code="c">[2013]</subfield>
      </datafield>
      <datafield tag="264" ind1=" " ind2="4">
        <subfield code="c">©2013</subfield>
      </datafield>
      <datafield tag="300" ind1=" " ind2=" ">
        <subfield code="a">347 pages :</subfield>
        <subfield code="b">illustrations ;</subfield>
        <subfield code="c">23 cm</subfield>
      </datafield>
      <datafield tag="336" ind1=" " ind2=" ">
        <subfield code="a">text</subfield>
        <subfield code="b">txt</subfield>
        <subfield code="2">rdacontent</subfield>
      </datafield>
      <datafield tag="337" ind1=" " ind2=" ">
        <subfield code="a">unmediated</subfield>
        <subfield code="b">n</subfield>
        <subfield code="2">rdamedia</subfield>
      </datafield>
      <datafield tag="338" ind1=" " ind2=" ">
        <subfield code="a">volume</subfield>
        <subfield code="b">nc</subfield>
        <subfield code="2">rdacarrier</subfield>
      </datafield>
      <datafield tag="500" ind1=" " ind2=" ">
        <subfield code="a">"L'enquête sur les valeurs et les pratiques religieuses au Maroc qui s'est déroulée en 2006 a pu être réalisée grâce au soutien de la Fondation Friedrich Ebert"--Title page verso.</subfield>
      </datafield>
      <datafield tag="504" ind1=" " ind2=" ">
        <subfield code="a">Includes bibliographical references (pages 327-336).</subfield>
      </datafield>
      <datafield tag="650" ind1=" " ind2="0">
        <subfield code="a">Islam</subfield>
        <subfield code="z">Morocco.</subfield>
        <subfield code="0">http://id.loc.gov/authorities/subjects/sh2009127630</subfield>
        <subfield code="0">(uri) http://id.loc.gov/authorities/subjects/sh2009127630</subfield>
      </datafield>
      <datafield tag="651" ind1=" " ind2="0">
        <subfield code="a">Morocco</subfield>
        <subfield code="x">Religious life and customs.</subfield>
        <subfield code="0">(uri) http://id.loc.gov/authorities/names/n79069715</subfield>
        <subfield code="0">(uri) http://viaf.org/viaf/sourceID/LC|n79069715</subfield>
      </datafield>
      <datafield tag="650" ind1=" " ind2="0">
        <subfield code="a">Islam</subfield>
        <subfield code="x">Social aspects</subfield>
        <subfield code="z">Morocco.</subfield>
        <subfield code="0">(uri) http://id.loc.gov/authorities/subjects/sh85068390</subfield>
      </datafield>
      <datafield tag="650" ind1=" " ind2="0">
        <subfield code="a">Islam</subfield>
        <subfield code="z">Morocco</subfield>
        <subfield code="x">Customs and practices.</subfield>
        <subfield code="0">(uri) http://id.loc.gov/authorities/subjects/sh85068390</subfield>
      </datafield>
      <datafield tag="650" ind1=" " ind2="7">
        <subfield code="a">Islam.</subfield>
        <subfield code="2">fast</subfield>
        <subfield code="0">(OCoLC)fst00979776</subfield>
        <subfield code="0">(uri) http://id.worldcat.org/fast/fst00979776</subfield>
      </datafield>
      <datafield tag="650" ind1=" " ind2="7">
        <subfield code="a">Islam</subfield>
        <subfield code="x">Customs and practices.</subfield>
        <subfield code="2">fast</subfield>
        <subfield code="0">(OCoLC)fst00979785</subfield>
        <subfield code="0">(uri) http://id.worldcat.org/fast/fst00979785</subfield>
      </datafield>
      <datafield tag="650" ind1=" " ind2="7">
        <subfield code="a">Islam</subfield>
        <subfield code="x">Social aspects.</subfield>
        <subfield code="2">fast</subfield>
        <subfield code="0">(OCoLC)fst00979847</subfield>
        <subfield code="0">(uri) http://id.worldcat.org/fast/fst00979847</subfield>
      </datafield>
      <datafield tag="651" ind1=" " ind2="7">
        <subfield code="a">Morocco.</subfield>
        <subfield code="2">fast</subfield>
        <subfield code="0">(OCoLC)fst01205592</subfield>
        <subfield code="0">(uri) http://id.worldcat.org/fast/fst01205592</subfield>
      </datafield>
      <datafield tag="700" ind1="1" ind2=" ">
        <subfield code="a">Rachik, Hassan,</subfield>
        <subfield code="e">author.</subfield>
        <subfield code="0">http://id.loc.gov/authorities/names/n91105858</subfield>
        <subfield code="0">(uri) http://id.loc.gov/authorities/names/n91105858</subfield>
        <subfield code="0">(uri) http://viaf.org/viaf/sourceID/LC|n91105858</subfield>
      </datafield>
      <datafield tag="700" ind1="1" ind2=" ">
        <subfield code="a">Tozy, Mohamed,</subfield>
        <subfield code="e">author.</subfield>
        <subfield code="0">http://id.loc.gov/authorities/names/no2001036884</subfield>
        <subfield code="0">(uri) http://id.loc.gov/authorities/names/no2001036884</subfield>
        <subfield code="0">(uri) http://viaf.org/viaf/sourceID/LC|no2001036884</subfield>
      </datafield>
      <datafield tag="904" ind1=" " ind2=" ">
        <subfield code="a">se</subfield>
        <subfield code="b">a</subfield>
        <subfield code="h">m</subfield>
        <subfield code="c">b</subfield>
        <subfield code="e">20150121</subfield>
      </datafield>
      <datafield tag="999" ind1=" " ind2=" ">
        <subfield code="a">8903431</subfield>
      </datafield>
      <datafield tag="902" ind1=" " ind2=" ">
        <subfield code="a">se</subfield>
        <subfield code="b">l</subfield>
        <subfield code="6">a</subfield>
        <subfield code="7">m</subfield>
        <subfield code="d">v</subfield>
        <subfield code="f">1</subfield>
        <subfield code="e">20150121</subfield>
      </datafield>
      <datafield tag="950" ind1=" " ind2=" ">
        <subfield code="c">2021-08-03 10:41:38 US/Eastern</subfield>
        <subfield code="b">2021-07-13 05:59:57 US/Eastern</subfield>
        <subfield code="a">false</subfield>
      </datafield>
      <datafield tag="852" ind1="0" ind2=" ">
        <subfield code="b">recap</subfield>
        <subfield code="c">pa</subfield>
        <subfield code="h">BP64.M6</subfield>
        <subfield code="i">A993 2013</subfield>
        <subfield code="8">22714404960006421</subfield>
      </datafield>
      <datafield tag="952" ind1=" " ind2=" ">
        <subfield code="a">2021-07-13 09:59:57</subfield>
        <subfield code="8">22714404960006421</subfield>
        <subfield code="b">ReCAP</subfield>
        <subfield code="c">rcppa: RECAP</subfield>
        <subfield code="e">false</subfield>
      </datafield>
      <datafield tag="876" ind1=" " ind2=" ">
        <subfield code="0">22714404960006421</subfield>
        <subfield code="a">23714404930006421</subfield>
        <subfield code="j">1</subfield>
        <subfield code="z">pa</subfield>
        <subfield code="d">2021-07-13 09:59:57</subfield>
        <subfield code="p">32101070487804</subfield>
        <subfield code="t">1</subfield>
        <subfield code="y">recap</subfield>
      </datafield>
    </record>