
    <record>
      <leader>01333cam a2200361 i 4500</leader>
      <controlfield tag="005">20201005171950.0</controlfield>
      <controlfield tag="008">141211s2014    mr            000 m fre d</controlfield>
      <controlfield tag="001">9989034323506421</controlfield>
      <datafield tag="035" ind1=" " ind2=" ">
        <subfield code="a">(OCoLC)ocn901364075</subfield>
        <subfield code="0">(uri) http://www.worldcat.org/oclc/901364075</subfield>
      </datafield>
      <datafield tag="035" ind1=" " ind2=" ">
        <subfield code="a">8903432</subfield>
      </datafield>
      <datafield tag="035" ind1=" " ind2=" ">
        <subfield code="a">(OCoLC)901364075</subfield>
        <subfield code="0">(uri) http://www.worldcat.org/oclc/901364075</subfield>
      </datafield>
      <datafield tag="035" ind1=" " ind2=" ">
        <subfield code="a">(NjP)8903432-princetondb</subfield>
      </datafield>
      <datafield tag="040" ind1=" " ind2=" ">
        <subfield code="a">OSU</subfield>
        <subfield code="b">eng</subfield>
        <subfield code="e">rda</subfield>
        <subfield code="c">OSU</subfield>
      </datafield>
      <datafield tag="020" ind1=" " ind2=" ">
        <subfield code="a">9789954625125</subfield>
        <subfield code="0">(uri) http://www.isbnsearch.org/isbn/9789954625125</subfield>
      </datafield>
      <datafield tag="020" ind1=" " ind2=" ">
        <subfield code="a">9954625127</subfield>
        <subfield code="0">(uri) http://www.isbnsearch.org/isbn/9954625127</subfield>
      </datafield>
      <datafield tag="050" ind1=" " ind2="4">
        <subfield code="a">PQ3989.3.S47</subfield>
        <subfield code="b">J35 2014</subfield>
      </datafield>
      <datafield tag="100" ind1="1" ind2=" ">
        <subfield code="a">Serhani, Mounir,</subfield>
        <subfield code="e">author.</subfield>
        <subfield code="0">http://id.loc.gov/authorities/names/no2015013516</subfield>
        <subfield code="0">(uri) http://id.loc.gov/authorities/names/no2015013516</subfield>
        <subfield code="0">(uri) http://viaf.org/viaf/sourceID/LC|no2015013516</subfield>
      </datafield>
      <datafield tag="245" ind1="1" ind2="0">
        <subfield code="a">J'ai vécu de t'attendre :</subfield>
        <subfield code="b">suivi de "Effet nuit" /</subfield>
        <subfield code="c">Mounir Serhani ; préface de Nicole Barrière.</subfield>
      </datafield>
      <datafield tag="250" ind1=" " ind2=" ">
        <subfield code="a">1er édition.</subfield>
      </datafield>
      <datafield tag="264" ind1=" " ind2="1">
        <subfield code="a">[Morocco] :</subfield>
        <subfield code="b">Maison de la Poésie au Maroc,</subfield>
        <subfield code="c">2014.</subfield>
      </datafield>
      <datafield tag="264" ind1=" " ind2="2">
        <subfield code="a">Rabat :</subfield>
        <subfield code="b">Imprimerie Dar Al Manahil</subfield>
      </datafield>
      <datafield tag="300" ind1=" " ind2=" ">
        <subfield code="a">76 pages ;</subfield>
        <subfield code="c">21 cm.</subfield>
      </datafield>
      <datafield tag="336" ind1=" " ind2=" ">
        <subfield code="a">text</subfield>
        <subfield code="b">txt</subfield>
        <subfield code="2">rdacontent</subfield>
      </datafield>
      <datafield tag="337" ind1=" " ind2=" ">
        <subfield code="a">unmediated</subfield>
        <subfield code="b">n</subfield>
        <subfield code="2">rdamedia</subfield>
      </datafield>
      <datafield tag="338" ind1=" " ind2=" ">
        <subfield code="a">volume</subfield>
        <subfield code="b">nc</subfield>
        <subfield code="2">rdacarrier</subfield>
      </datafield>
      <datafield tag="490" ind1="1" ind2=" ">
        <subfield code="a">Poésie</subfield>
      </datafield>
      <datafield tag="500" ind1=" " ind2=" ">
        <subfield code="a">"Avec le soutien du Ministère de la Culture"--Title page verso.</subfield>
      </datafield>
      <datafield tag="500" ind1=" " ind2=" ">
        <subfield code="a">Poetry and short stories.</subfield>
      </datafield>
      <datafield tag="505" ind1="0" ind2=" ">
        <subfield code="a">I. J'ai vécu de t'attendre -- II. Effet nuit -- III. Fragments.</subfield>
      </datafield>
      <datafield tag="700" ind1="1" ind2=" ">
        <subfield code="a">Barrière, Nicole,</subfield>
        <subfield code="e">writer of preface.</subfield>
        <subfield code="0">http://id.loc.gov/authorities/names/n2002040887</subfield>
        <subfield code="0">(uri) http://id.loc.gov/authorities/names/n2002040887</subfield>
        <subfield code="0">(uri) http://viaf.org/viaf/sourceID/LC|n2002040887</subfield>
      </datafield>
      <datafield tag="830" ind1=" " ind2="0">
        <subfield code="a">Poésie.</subfield>
      </datafield>
      <datafield tag="904" ind1=" " ind2=" ">
        <subfield code="a">se</subfield>
        <subfield code="b">a</subfield>
        <subfield code="h">m</subfield>
        <subfield code="c">b</subfield>
        <subfield code="e">20150121</subfield>
      </datafield>
      <datafield tag="999" ind1=" " ind2=" ">
        <subfield code="a">8903432</subfield>
      </datafield>
      <datafield tag="902" ind1=" " ind2=" ">
        <subfield code="a">of</subfield>
        <subfield code="b">m</subfield>
        <subfield code="6">a</subfield>
        <subfield code="7">m</subfield>
        <subfield code="d">v</subfield>
        <subfield code="f">1</subfield>
        <subfield code="e">20151214</subfield>
      </datafield>
      <datafield tag="950" ind1=" " ind2=" ">
        <subfield code="c">2021-07-30 08:47:43 US/Eastern</subfield>
        <subfield code="b">2021-07-13 05:59:45 US/Eastern</subfield>
        <subfield code="a">false</subfield>
      </datafield>
      <datafield tag="852" ind1="0" ind2=" ">
        <subfield code="b">recap</subfield>
        <subfield code="c">pa</subfield>
        <subfield code="h">PQ3989.3.S47</subfield>
        <subfield code="i">J35 2014</subfield>
        <subfield code="8">22714355410006421</subfield>
      </datafield>
      <datafield tag="952" ind1=" " ind2=" ">
        <subfield code="a">2021-07-13 09:59:45</subfield>
        <subfield code="8">22714355410006421</subfield>
        <subfield code="b">ReCAP</subfield>
        <subfield code="c">rcppa: RECAP</subfield>
        <subfield code="e">false</subfield>
      </datafield>
      <datafield tag="876" ind1=" " ind2=" ">
        <subfield code="0">22714355410006421</subfield>
        <subfield code="a">23714355400006421</subfield>
        <subfield code="j">1</subfield>
        <subfield code="z">pa</subfield>
        <subfield code="d">2021-07-13 09:59:45</subfield>
        <subfield code="p">32101070487812</subfield>
        <subfield code="t">1</subfield>
        <subfield code="y">recap</subfield>
      </datafield>
    </record>