
    <record>
      <leader>01002cam a2200325 i 4500</leader>
      <controlfield tag="005">20201005171950.0</controlfield>
      <controlfield tag="008">141211t20142014mr            000 f fre c</controlfield>
      <controlfield tag="001">9989034333506421</controlfield>
      <datafield tag="035" ind1=" " ind2=" ">
        <subfield code="a">(OCoLC)ocn881634275</subfield>
        <subfield code="0">(uri) http://www.worldcat.org/oclc/881634275</subfield>
      </datafield>
      <datafield tag="035" ind1=" " ind2=" ">
        <subfield code="a">8903433</subfield>
      </datafield>
      <datafield tag="035" ind1=" " ind2=" ">
        <subfield code="a">(OCoLC)881634275</subfield>
        <subfield code="0">(uri) http://www.worldcat.org/oclc/881634275</subfield>
      </datafield>
      <datafield tag="035" ind1=" " ind2=" ">
        <subfield code="a">(NjP)8903433-princetondb</subfield>
      </datafield>
      <datafield tag="040" ind1=" " ind2=" ">
        <subfield code="a">HLS</subfield>
        <subfield code="b">eng</subfield>
        <subfield code="e">rda</subfield>
        <subfield code="c">HLS</subfield>
        <subfield code="d">OSU</subfield>
      </datafield>
      <datafield tag="020" ind1=" " ind2=" ">
        <subfield code="a">9789954167625</subfield>
        <subfield code="0">(uri) http://www.isbnsearch.org/isbn/9789954167625</subfield>
      </datafield>
      <datafield tag="020" ind1=" " ind2=" ">
        <subfield code="a">9954167625</subfield>
        <subfield code="0">(uri) http://www.isbnsearch.org/isbn/9954167625</subfield>
      </datafield>
      <datafield tag="042" ind1=" " ind2=" ">
        <subfield code="a">pcc</subfield>
      </datafield>
      <datafield tag="050" ind1=" " ind2="4">
        <subfield code="a">PQ3989.3.D349</subfield>
        <subfield code="b">J63 2014</subfield>
      </datafield>
      <datafield tag="100" ind1="1" ind2=" ">
        <subfield code="a">Dalil, Réda,</subfield>
        <subfield code="e">author.</subfield>
        <subfield code="0">http://id.loc.gov/authorities/names/no2015006831</subfield>
        <subfield code="0">(uri) http://id.loc.gov/authorities/names/no2015006831</subfield>
        <subfield code="0">(uri) http://viaf.org/viaf/sourceID/LC|no2015006831</subfield>
      </datafield>
      <datafield tag="245" ind1="1" ind2="3">
        <subfield code="a">Le job :</subfield>
        <subfield code="b">roman /</subfield>
        <subfield code="c">Réda Dalil.</subfield>
      </datafield>
      <datafield tag="264" ind1=" " ind2="1">
        <subfield code="a">Casablanca :</subfield>
        <subfield code="b">Editions le Fennec,</subfield>
        <subfield code="c">[2014]</subfield>
      </datafield>
      <datafield tag="264" ind1=" " ind2="4">
        <subfield code="c">©2014</subfield>
      </datafield>
      <datafield tag="300" ind1=" " ind2=" ">
        <subfield code="a">218 pages ;</subfield>
        <subfield code="c">21 cm</subfield>
      </datafield>
      <datafield tag="336" ind1=" " ind2=" ">
        <subfield code="a">text</subfield>
        <subfield code="b">txt</subfield>
        <subfield code="2">rdacontent</subfield>
      </datafield>
      <datafield tag="337" ind1=" " ind2=" ">
        <subfield code="a">unmediated</subfield>
        <subfield code="b">n</subfield>
        <subfield code="2">rdamedia</subfield>
      </datafield>
      <datafield tag="338" ind1=" " ind2=" ">
        <subfield code="a">volume</subfield>
        <subfield code="b">nc</subfield>
        <subfield code="2">rdacarrier</subfield>
      </datafield>
      <datafield tag="500" ind1=" " ind2=" ">
        <subfield code="a">Novel.</subfield>
      </datafield>
      <datafield tag="655" ind1=" " ind2="7">
        <subfield code="a">Novels.</subfield>
        <subfield code="2">lcgft</subfield>
        <subfield code="0">http://id.loc.gov/authorities/genreForms/gf2015026020</subfield>
        <subfield code="0">(uri) http://id.loc.gov/authorities/genreForms/gf2015026020</subfield>
      </datafield>
      <datafield tag="752" ind1=" " ind2=" ">
        <subfield code="a">Morocco</subfield>
        <subfield code="d">Casablanca.</subfield>
      </datafield>
      <datafield tag="904" ind1=" " ind2=" ">
        <subfield code="a">se</subfield>
        <subfield code="b">a</subfield>
        <subfield code="h">m</subfield>
        <subfield code="c">b</subfield>
        <subfield code="e">20150121</subfield>
      </datafield>
      <datafield tag="999" ind1=" " ind2=" ">
        <subfield code="a">8903433</subfield>
      </datafield>
      <datafield tag="902" ind1=" " ind2=" ">
        <subfield code="a">se</subfield>
        <subfield code="b">l</subfield>
        <subfield code="6">a</subfield>
        <subfield code="7">m</subfield>
        <subfield code="d">v</subfield>
        <subfield code="f">1</subfield>
        <subfield code="e">20150121</subfield>
      </datafield>
      <datafield tag="950" ind1=" " ind2=" ">
        <subfield code="c">2021-08-01 15:28:25 US/Eastern</subfield>
        <subfield code="b">2021-07-13 06:00:06 US/Eastern</subfield>
        <subfield code="a">false</subfield>
      </datafield>
      <datafield tag="852" ind1="0" ind2=" ">
        <subfield code="b">recap</subfield>
        <subfield code="c">pa</subfield>
        <subfield code="h">PQ3989.3.D349</subfield>
        <subfield code="i">J63 2014</subfield>
        <subfield code="8">22714459470006421</subfield>
      </datafield>
      <datafield tag="952" ind1=" " ind2=" ">
        <subfield code="a">2021-07-13 10:00:06</subfield>
        <subfield code="8">22714459470006421</subfield>
        <subfield code="b">ReCAP</subfield>
        <subfield code="c">rcppa: RECAP</subfield>
        <subfield code="e">false</subfield>
      </datafield>
      <datafield tag="876" ind1=" " ind2=" ">
        <subfield code="0">22714459470006421</subfield>
        <subfield code="a">23714459460006421</subfield>
        <subfield code="j">1</subfield>
        <subfield code="z">pa</subfield>
        <subfield code="d">2021-07-13 10:00:06</subfield>
        <subfield code="p">32101070487820</subfield>
        <subfield code="t">1</subfield>
        <subfield code="y">recap</subfield>
      </datafield>
    </record>
  </collection>